<record><leader>00000cas a22000007a 4500</leader><controlfield tag="001">15193840</controlfield><controlfield tag="008">870213d19281939msuwr ne      0    0eng d</controlfield><datafield ind1=" " ind2=" " tag="010"><subfield code="a">sn 87065156 </subfield></datafield><datafield ind1=" " ind2=" " tag="040"><subfield code="a">MJA</subfield><subfield code="b">eng</subfield><subfield code="c">MJA</subfield><subfield code="d">MSJ</subfield><subfield code="d">DLC</subfield><subfield code="d">OCLCG</subfield><subfield code="d">OCLCA</subfield></datafield><datafield ind1=" " ind2=" " tag="042"><subfield code="a">msc</subfield></datafield><datafield ind1="0" ind2="4" tag="245"><subfield code="a">The Mississippi guide.</subfield></datafield><datafield ind1=" " ind2=" " tag="260"><subfield code="a">Gulfport, Miss. :</subfield><subfield code="b">Dixie Press,</subfield><subfield code="c">1928-1939.</subfield></datafield><datafield ind1=" " ind2=" " tag="310"><subfield code="a">Weekly</subfield></datafield><datafield ind1="0" ind2=" " tag="362"><subfield code="a">Vol. 3, no. 36 (June 15, 1928)-v. 14, no. 17 (Jan. 13, 1939).</subfield></datafield><datafield ind1="1" ind2=" " tag="700"><subfield code="a">Rand, Clayton,</subfield><subfield code="d">1891-1971.</subfield></datafield><datafield ind1=" " ind2=" " tag="752"><subfield code="a">United States</subfield><subfield code="b">Mississippi</subfield><subfield code="c">Harrison</subfield><subfield code="d">Gulfport.</subfield></datafield><datafield ind1="0" ind2="0" tag="780"><subfield code="t">Gulf Coast guide</subfield><subfield code="w">(OCoLC)16570883</subfield></datafield><datafield ind1="0" ind2="0" tag="785"><subfield code="t">Dixie guide</subfield><subfield code="w">(OCoLC)15194512</subfield><subfield code="w">(DLC)sn 87065151</subfield></datafield></record>